@inproceedings{Bahdanau.2015.NMT,
  author       = {Dzmitry Bahdanau and
                  Kyunghyun Cho and
                  Yoshua Bengio},
  editor       = {Yoshua Bengio and
                  Yann LeCun},
  title        = {Neural Machine Translation by Jointly Learning to Align and Translate},
  booktitle    = {3rd International Conference on Learning Representations, {ICLR} 2015,
                  San Diego, CA, USA, May 7-9, 2015, Conference Track Proceedings},
  year         = {2015},
  url          = {http://arxiv.org/abs/1409.0473},
  timestamp    = {Wed, 17 Jul 2019 10:40:54 +0200},
  biburl       = {https://dblp.org/rec/journals/corr/BahdanauCB14.bib},
  bibsource    = {dblp computer science bibliography, https://dblp.org}
}
@inproceedings{Luong.2015.Effective,
  author       = {Thang Luong and
                  Hieu Pham and
                  Christopher D. Manning},
  editor       = {Llu{\'{\i}}s M{\`{a}}rquez and
                  Chris Callison{-}Burch and
                  Jian Su and
                  Daniele Pighin and
                  Yuval Marton},
  title        = {Effective Approaches to Attention-based Neural Machine Translation},
  booktitle    = {Proceedings of the 2015 Conference on Empirical Methods in Natural
                  Language Processing, {EMNLP} 2015, Lisbon, Portugal, September 17-21,
                  2015},
  pages        = {1412--1421},
  publisher    = {The Association for Computational Linguistics},
  year         = {2015},
  url          = {https://doi.org/10.18653/v1/d15-1166},
  doi          = {10.18653/v1/d15-1166},
  timestamp    = {Fri, 06 Aug 2021 00:40:22 +0200},
  biburl       = {https://dblp.org/rec/conf/emnlp/LuongPM15.bib},
  bibsource    = {dblp computer science bibliography, https://dblp.org}
}
@inproceedings{Vaswani.2017.Attention,
  author       = {Ashish Vaswani and
                  Noam Shazeer and
                  Niki Parmar and
                  Jakob Uszkoreit and
                  Llion Jones and
                  Aidan N. Gomez and
                  Lukasz Kaiser and
                  Illia Polosukhin},
  editor       = {Isabelle Guyon and
                  Ulrike von Luxburg and
                  Samy Bengio and
                  Hanna M. Wallach and
                  Rob Fergus and
                  S. V. N. Vishwanathan and
                  Roman Garnett},
  title        = {Attention is All you Need},
  booktitle    = {Advances in Neural Information Processing Systems 30: Annual Conference
                  on Neural Information Processing Systems 2017, December 4-9, 2017,
                  Long Beach, CA, {USA}},
  pages        = {5998--6008},
  year         = {2017},
  url          = {https://proceedings.neurips.cc/paper/2017/hash/3f5ee243547dee91fbd053c1c4a845aa-Abstract.html},
  timestamp    = {Thu, 21 Jan 2021 15:15:21 +0100},
  biburl       = {https://dblp.org/rec/conf/nips/VaswaniSPUJGKP17.bib},
  bibsource    = {dblp computer science bibliography, https://dblp.org}
}

@inproceedings{pascanu2013difficulty,
  title={On the difficulty of training recurrent neural networks},
  author={Pascanu, Razvan and Mikolov, Tomas and Bengio, Yoshua},
  booktitle={International conference on machine learning},
  pages={1310--1318},
  year={2013},
  organization={PMLR}
}
@inproceedings{yang2016hierarchical,
  title={Hierarchical attention networks for document classification},
  author={Yang, Zichao and Yang, Diyi and Dyer, Chris and He, Xiaodong and Smola, Alex and Hovy, Eduard},
  booktitle={Proceedings of the 2016 conference of the North American chapter of the association for computational linguistics: human language technologies},
  pages={1480--1489},
  year={2016}
}
@inproceedings{vaswani2017attention,
  title={Attention is all you need},
  author={Vaswani, Ashish and Shazeer, Noam and Parmar, Niki and Uszkoreit, Jakob and Jones, Llion and Gomez, Aidan N and Kaiser, {\L}ukasz and Polosukhin, Illia},
  booktitle={Advances in neural information processing systems},
  pages={5998--6008},
  year={2017}
}

@article{schulman2017proximal,
  title={Proximal policy optimization algorithms},
  author={Schulman, John and Wolski, Filip and Dhariwal, Prafulla and Radford, Alec and Klimov, Oleg},
  journal={arXiv preprint arXiv:1707.06347},
  year={2017}
}

@article{ziegler2019fine,
  title={Fine-tuning language models from human preferences},
  author={Ziegler, Daniel M and Stiennon, Nisan and Wu, Jeffrey and Brown, Tom B and Radford, Alec and Amodei, Dario and Christiano, Paul and Irving, Geoffrey},
  journal={arXiv preprint arXiv:1909.08593},
  year={2019}
}

@article{ouyang2022training,
  title={Training language models to follow instructions with human feedback},
  author={Ouyang, Long and Wu, Jeffrey and Jiang, Xu and Almeida, Diogo and Wainwright, Carroll and Mishkin, Pamela and Zhang, Chong and Agarwal, Sandhini and Slama, Katarina and Ray, Alex and others},
  journal={Advances in Neural Information Processing Systems},
  volume={35},
  pages={27730--27744},
  year={2022}
}